<mx:record xmlns="http://www.w3.org/TR/xhtml1/strict" xmlns:mx="http://www.loc.gov/MARC21/slim" xmlns:xsi="http://www.w3.org/2001/XMLSchema-instance"><mx:leader>00000cz  a2200000n  45 0</mx:leader><mx:controlfield tag="001">oca01394640 </mx:controlfield><mx:controlfield tag="005">20060420052356.0</mx:controlfield><mx:controlfield tag="008">850828n| acannaabn          |a aaa     c</mx:controlfield><mx:datafield ind1=" " ind2=" " tag="010"><mx:subfield code="a">n  85196283</mx:subfield><mx:subfield code="z">n  85127277</mx:subfield></mx:datafield><mx:datafield ind1=" " ind2=" " tag="040"><mx:subfield code="a">InU</mx:subfield><mx:subfield code="b">eng</mx:subfield><mx:subfield code="c">DLC</mx:subfield><mx:subfield code="d">DLC</mx:subfield><mx:subfield code="d">OCoLC</mx:subfield></mx:datafield><mx:datafield ind1="0" ind2=" " tag="100"><mx:subfield code="a">Didymus,</mx:subfield><mx:subfield code="c">Chalcenterus</mx:subfield></mx:datafield><mx:datafield ind1="0" ind2=" " tag="400"><mx:subfield code="a">Didymus,</mx:subfield><mx:subfield code="c">of Alexandria</mx:subfield></mx:datafield><mx:datafield ind1="0" ind2=" " tag="400"><mx:subfield code="a">Didymos,</mx:subfield><mx:subfield code="c">Chalkenteros</mx:subfield></mx:datafield><mx:datafield ind1=" " ind2=" " tag="670"><mx:subfield code="a">His Didymi Chalcenteri Fragmenta quae supersunt omnia, 1854.</mx:subfield></mx:datafield><mx:datafield ind1=" " ind2=" " tag="670"><mx:subfield code="a">LC classification schedule: PA3965.D17</mx:subfield><mx:subfield code="b">(Didymus Chalcenterus, ca. 63 B.C.-10 A.D.)</mx:subfield></mx:datafield><mx:datafield ind1=" " ind2=" " tag="670"><mx:subfield code="a">Oxford classical dict.,</mx:subfield><mx:subfield code="b">2nd ed. (Didymus, ca. 80-10 B.C.)</mx:subfield></mx:datafield><mx:datafield ind1=" " ind2=" " tag="670"><mx:subfield code="a">Oxford comp. to classical lit., 1937</mx:subfield><mx:subfield code="b">(Didymus, of Alexandria, nicknamed Chalkenteros, ca. 65 B.C.-A.D. 10)</mx:subfield></mx:datafield><mx:datafield ind1=" " ind2=" " tag="670"><mx:subfield code="a">InU/Wing STC files</mx:subfield><mx:subfield code="b">(usage: Didymos Chalkenteros)</mx:subfield></mx:datafield><mx:datafield ind1=" " ind2=" " tag="999"><mx:subfield code="a">11269</mx:subfield></mx:datafield></mx:record>